%% This BibTeX bibliography file was created using BibDesk.
%% http://bibdesk.sourceforge.net/


%% Created for Nacho at 2011-04-01 11:38:44 +0200 


%% Saved with string encoding Unicode (UTF-8) 


@string{arpc = {Annu. Rev. Phys. Chem.}}

@string{jcp = {J.~Chem. Phys.}}

@string{josab = {J.~Opt. Soc. Am.~B}}

@string{prl = {Phys. Rev. Lett.}}

@string{rmp = {Rev. Mod. Phys.}}
@string{wp = {Wikipedia}}



@article{TFGRA16,
	Author = {Cristina Delgado Rodríguez{,} Ignacio Rocillo Landa{,} Jorge Muñoz Rodríguez{,} Jorge Rueda Garzón y Sergio Fuentes Urabayen},
	Journal = {Universidad Complutense de Madrid},
	Title = {Recomendación Dinámica de Productos a Grupos con Realidad Aumentada},
	Year = {2015-2016}}

@book{HandbookAR,
	author = {Borko Furht},
	publisher = {Springer-Verlag New York},
	title = {Handbook of Augmented Reality},
	year = 2011
}

@book{HandbookRS,
	author = {Francesco Ricci and Lior Rokach and Bracha Shapira and Paul B. Kantor},
	publisher = {Springer US},
	title = {Recommender Systems Handbook},
	year = 2011
}
	

@online{arcore,
	author			= {Google},
	title			= {{ARCore} overview},
	year			= 2019,
	howpublished	= "\url{https://developers.google.com/ar/discover/}",
	url				= {https://developers.google.com/ar/discover/},
	note = "Último acceso Mayo de 2019"
}

@online{arcoresupporteddevices,
	author			= {Google},
	title			= {{ARCore} Supported Devices},
	year			= 2019,
	howpublished	= "\url{https://developers.google.com/ar/discover/supported-devices}",
	url				= {https://developers.google.com/ar/discover/supported-devices},
	note = "Último acceso Mayo de 2019"
}

@online{arkit,
	author			= {Apple},
	title			= {{ARKit 2}},
	year			= 2019,
	howpublished	= "\url{https://developer.apple.com/arkit/}",
	url				= {https://developer.apple.com/arkit/},
	note = "Último acceso Mayo de 2019"
}

@online{wikitude,
	author			= {Wikitude},
	title			= {{Wikitude} Augmented Reality SDK},
	year			= 2019,
	howpublished	= "\url{https://www.wikitude.com/products/wikitude-sdk/}",
	url				= {https://www.wikitude.com/products/wikitude-sdk/},
	note = "Último acceso Mayo de 2019"
}

@online{vuforia,
	author			= {Vuforia},
	title			= {{Vuforia} overview},
	year			= 2019,
	howpublished	= "\url{https://library.vuforia.com/getting-started/overview.html}",
	url				= {https://library.vuforia.com/getting-started/overview.html},
	note = "Último acceso Mayo de 2019"
}

@online{vuforia_prices,
	author			= {Vuforia},
	title			= {{Vuforia} pricing},
	year			= 2019,
	howpublished	= "\url{https://developer.vuforia.com/vui/pricing}",
	url				= {https://developer.vuforia.com/vui/pricing},
	note = "Último acceso Mayo de 2019"
}

@online{viroreact,
	author			= {Viro Media},
	title			= {{Viro React}},
	year			= 2019,
	howpublished	= "\url{https://viromedia.com/viroreact}",
	url				= {https://viromedia.com/viroreact},
	note = "Último acceso Mayo de 2019"
}

@online{expoar,
	author			= {Expo},
	title			= {{Expo} Augmented Reality},
	year			= 2019,
	howpublished	= "\url{https://docs.expo.io/versions/latest/sdk/AR/}",
	url				= {https://docs.expo.io/versions/latest/sdk/AR/},
	note = "Último acceso Mayo de 2019"
}

@online{imdb,
	author			= {IMDB},
	title			= {{IMDB}},
	year			= 2019,
	howpublished	= "\url{https://www.imdb.com/}",
	url				= {https://www.imdb.com/},
	note = "Último acceso Mayo de 2019"
}
@online{movielens,
	author			= {MovieLens},
	title			= {{MovieLens}},
	year			= 2019,
	howpublished	= "\url{https://movielens.org/}",
	url				= {https://movielens.org/},
	note = "Último acceso Mayo de 2019"
}

@online{filmaffinity,
	author			= {FilmAffinity},
	title			= {{FilmAffinity}},
	year			= 2019,
	howpublished	= "\url{https://www.filmaffinity.com/es/main.html}",
	url				= {https://www.filmaffinity.com/es/main.html},
	note = "Último acceso Mayo de 2019"
}

@online{rottentomatoes,
	author			= {Rotten Tomatoes},
	title			= {{Rotten Tomatoes}},
	year			= 2019,
	howpublished	= "\url{https://www.rottentomatoes.com}",
	url				= {https://www.rottentomatoes.com},
	note = "Último acceso Mayo de 2019"
}


@online{moviebase,
    author			= {Moviebase},
	title			= {{Moviebase}},
	year			= 2019,
	howpublished	= "\url{https://play.google.com/store/apps/details?id=com.moviebase&hl=es}",
	url				= {https://play.google.com/store/apps/details?id=com.moviebase&hl=es},
	note = "Último acceso Mayo de 2019"
}
@online{paramountar,
    author			= {Paramount AR+},
	title			= {{Paramount AR+}},
	year			= 2019,
	howpublished	= "\url{https://play.google.com/store/apps/details?id=com.paramount.ar.paramountar&hl=es_419}",
	url				= {https://play.google.com/store/apps/details?id=com.paramount.ar.paramountar&hl=es_419},
	note = "Último acceso Mayo de 2019"
}


@online{tutorialspring,
	author			= {main\_bug},
	title			= {Como crear un microservicio o servicio web REST con Spring Boot (Parte 1)},
	year			= 2017,
	howpublished	= "\url{http://sinbugs.com/como-crear-un-microservicio-o-servicio-web-rest-con-spring-boot-1/}",
	url				= {http://sinbugs.com/como-crear-un-microservicio-o-servicio-web-rest-con-spring-boot-1/},
	note = "Último acceso Mayo de 2019"
}

@online{filtradocolaborativo,
	author			= {Juan Saavedra},
	title			= {Sistemas de recomendación, parte 2: filtrado colaborativo},
	year			= 2017,
	howpublished	= "\url{https://medium.com/@eng.saavedra/sistemas-de-recomendaci%C3%B3n-parte-2-b8a5dc9dc730}",
	url				= {https://medium.com/@eng.saavedra/sistemas-de-recomendaci%C3%B3n-parte-2-b8a5dc9dc730},
	note = "Último acceso Mayo de 2019"
}
@online{filtradocontenido,
	author			= {Denis Parra},
	title			= {Filtrado Basado en Contenido},
	year			= 2017,
	howpublished	= "\url{https://recommendersys.wordpress.com/2017/11/05/filtrado-basado-en-contenido/}",
	url				= {https://recommendersys.wordpress.com/2017/11/05/filtrado-basado-en-contenido/},
	note = "Último acceso Mayo de 2019"
}
@online{filtrademografico,
	author			= {Ricardo Moya},
	title			= {Filtrado demográfico},
	year			= 2013,
	howpublished	= "\url{https://jarroba.com/que-son-los-sistemas-de-recomendacion/}",
	url				= {https://jarroba.com/que-son-los-sistemas-de-recomendacion/},
	note = "Último acceso Mayo de 2019"
}
@online{filtrahibrido,
	author			= {Ricardo Moya},
	title			= {Filtrado híbrido},
	year			= 2013,
	howpublished	= "\url{https://jarroba.com/que-son-los-sistemas-de-recomendacion/}",
	url				= {https://jarroba.com/que-son-los-sistemas-de-recomendacion/},
	note = "Último acceso Mayo de 2019"
}
@online { imagefilters,
	author			= {Pio Calderon},
	title			= {An Overview of Recommendation Systems},
	year			= 2017,
	howpublished	= "\url{http://datameetsmedia.com/an-overview-of-recommendation-systems/}",
	url = {http://datameetsmedia.com/an-overview-of-recommendation-systems/},
	note = "Último acceso Mayo de 2019"
}
@online { tvtime,
	author			= {Toze Labs},
	title			= {TV Time la guia de series nº 1},
	year			= 2019,
	howpublished	= "\url{https://play.google.com/store/apps/details?id=com.tozelabs.tvshowtime&hl=es}",
	url = {https://play.google.com/store/apps/details?id=com.tozelabs.tvshowtime&hl=es},
	note = "Último acceso Mayo de 2019"
}
@online { pipelineopengl,
	author			= {Learn OpenGL},
	title			= {Hello Triangle},
	year			= 2019,
	howpublished	= "\url{https://learnopengl.com/Getting-started/Hello-Triangle}",
	url = {https://learnopengl.com/Getting-started/Hello-Triangle},
	note = "Último acceso Mayo de 2019"
}
@online { spaceopengl,
	author			= {Learn OpenGL},
	title			= {Coordinate Systems},
	year			= 2019,
	howpublished	= "\url{https://learnopengl.com/Getting-started/Coordinate-Systems}",
	url = {https://learnopengl.com/Getting-started/Coordinate-Systems},
	note = "Último acceso Mayo de 2019"
}

@online { pokemongo,
	author			= {Vibhav Vibsz},
	title			= {Pokemon GO AR Contest Winners Announced},
	year			= 2017,
	howpublished	= "\url{https://otakukart.com/animeblog/2017/11/19/pokemon-ar-contest-winners-announced/}",
	url = {https://otakukart.com/animeblog/2017/11/19/pokemon-ar-contest-winners-announced/},
	note = "Último acceso Mayo de 2019"
}
@online { ralibertystatue,
	author			= {Kirsten Winkler},
	title			= {How Social Learning through Implied Networks will change the Travel Experience},
	year			= 2011,
	howpublished	= "\url{https://bigthink.com/disrupt-education/how-social-learning-through-implied-networks-will-change-the-travel-experience}",
	url = {https://bigthink.com/disrupt-education/how-social-learning-through-implied-networks-will-change-the-travel-experience},
	note = "Último acceso Mayo de 2019"
}
@online { rameasure,
	author			= {melty},
	title			= {Photo de memoji-jeux-en-realite-virtuelle-siri-5-nouveautes-a-tester-d-urgence-sur-ios-12},
	year			= 2018,
	howpublished	= "\url{https://www.melty.fr/memoji-jeux-en-realite-virtuelle-siri-5-nouveautes-a-tester-d-urgence-sur-ios-12-galerie-3049239-3792089.html}",
	url = {https://www.melty.fr/memoji-jeux-en-realite-virtuelle-siri-5-nouveautes-a-tester-d-urgence-sur-ios-12-galerie-3049239-3792089.html},
	note = "Último acceso Mayo de 2019"
}
@online { arkitimage,
	author			= {Marius Horga},
	title			= {Using ARKit with Metal},
	year			= 2017,
	howpublished	= "\url{http://metalkit.org/2017/07/29/using-arkit-with-metal.html}",
	url = {http://metalkit.org/2017/07/29/using-arkit-with-metal.html},
	note = "Último acceso Mayo de 2019"
}
@online { netflixprize,
	author			= {Netflix},
	title			= {Netflix Prize},
	year			= 2009,
	howpublished	= "\url{https://www.netflixprize.com/}",
	url = {https://www.netflixprize.com/},
	note = "Último acceso Mayo de 2019"
}
@online { netflixrecommendation,
	author			= {Netflix},
	title			= {Netflix recommendation factors},
	year			= 2019,
	howpublished	= "\url{https://help.netflix.com/en/node/100639}",
	url = {https://help.netflix.com/en/node/100639},
	note = "Último acceso Mayo de 2019"
}

@online {activity,
	author			= {Andrea Ardións},
	title			= {¿Qué es un activity en Android Studio? },
	year			= 2015,
	howpublished	= "\url{https://androidstudiofaqs.com/conceptos/que-es-un-activity-en-android}",
	url={https://androidstudiofaqs.com/conceptos/que-es-un-activity-en-android},
	note = "Último acceso Mayo de 2019"
}
@online {fragment,
	author			= {Android Developer},
	title			= {Fragmentos},
	year			= 2019,
	howpublished	= "\url{https://developer.android.com/guide/components/fragments?hl=es-419}",
	url={https://developer.android.com/guide/components/fragments?hl=es-419},
	note = "Último acceso Mayo de 2019"
}
@online {microservices,
	author			= {Kong},
	title			= {Microservicios},
	year			= 2018,
	howpublished	= "\url{https://microservices.io/patterns/microservices.html}",
	url={https://microservices.io/patterns/microservices.html},
	note = "Último acceso Mayo de 2019"
}
@online {microservicesspring,
	author			= {Paul Chapman},
	title			= {Microservicios},
	year			= 2018,
	howpublished	= "\url{https://spring.io/blog/2015/07/14/microservices-with-spring}",
	url={https://spring.io/blog/2015/07/14/microservices-with-spring},
	note = "Último acceso Mayo de 2019"
}

@book{GEN:Bransden:2003,
	Author = {B.~H.~Bransden and C.~J.~Joachain},
	Publisher = {New York: Prentice-Hall},
	Title = {Physics of Atoms and Molecules},
	Volume = {2nd Ed.},
	Year = 2003}

@book{GEN:Bransden:2003,
	Author = {S.~H.~Patil and K.~T.~Tang},
	Publisher = {Berlin; New York: Springer},
	Title = {Asymptotic Methods in Quantum Mechanics: Application to Atoms, Molecules, and Nuclei},
	Year = 2000}

@article{ARP:Loy:1974,
	Author = {M.~M.~T.~Loy},
	Journal = PRL,
	Pages = {814-817},
	Title = {Observation of Population Inversion by Optical Adiabatic Rapid Passage},
	Volume = {32},
	Year = {1974}}

@article{ARP:Melinger:1991,
	Author = {J.~S.~Melinger and A.~Hariharan and S.~R.~Gandhi and W.~S.~Warren},
	Journal = JCP,
	Pages = {2210-2213},
	Title = {Adiabatic population inversion in $I_{2}$ vapor with picosecond laser pulses},
	Volume = {95},
	Year = {1991}}

@article{CT:Phillips:1985,
	Author = {W.~D.~Phillips and J.~V.~Prodan and H.~J.~Metcalf},
	Journal = JOSAB,
	Pages = {1751-1767},
	Title = {Laser cooling and electromagnetic trapping of neutral atoms},
	Volume = {2},
	Year = {1985}}

@article{CT:Weiner:1999,
	Author = {J.~Weiner and V.~S.~Bagnato and S.~Zilio and P.~S.~Julienne},
	Journal = RMP,
	Pages = {1-85},
	Title = {Experiments and theory in cold and ultracold collisions},
	Volume = {71},
	Year = {1999}}

@article{CT:Gould:1988,
	Author = {P.~L.~Gould and P.~D.~Lett and P.~S.~Julienne and W.~D.~Phillips},
	Journal = PRL,
	Pages = {788-791},
	Title = {Observation of Associative Ionization of Ultracold Laser-Trapped Sodium Atoms},
	Volume = {60},
	Year = {1988}}

@misc{DMatrix:DePaola:2003,
	Author = {B.~D.~DePaola},
	Howpublished = {Kansas State University, Manhattan, KS},
	Note = {(Unpublished)},
	Title = {Lectures on Coherent Excitation},
	Year = {2003}}

@misc{DMatrix:Weaver:2005,
	Author = {O.~L.~Weaver},
	Howpublished = {Kansas State University, Manhattan, KS},
	Note = {(Private Communication)},
	Year = {2005}}

@phdthesis{DMatrix:Nguyen:2003,
	Author = {H.~Nguyen},
	School = {Kansas State University},
	Title = {MOTRIMS},
	Year = {2003}}

@misc{Note:Params1:2005,
	Note = {You can add the text of a note between the braces.}}

@misc{Note:Params2:2005,
	Note = {For Fig.~\ref{fig:chap02:Mathematica:DvsDetuning}, the following parameters were          used:  $I_{p} = 20$~W/cm$^{2}$, $I_{s}$ was set such that the Rabi frequencies, $\Omega_{p}$ and          $\Omega_{s}$ were equal, $w_{p} = w_{s} = 50$~ns and $\tau = -80$~ns.  Both $\Delta_{1}$ and          $\Delta_{2}$ (one- and two-photon resonance, respectively) were allowed to vary.}}
